<?xml version='1.0' encoding='UTF-8'?>
<record xmlns="http://www.loc.gov/MARC21/slim">
  <leader>00745cam a22002175  4500</leader>
  <controlfield tag="001">1560477</controlfield>
  <controlfield tag="003">NjP</controlfield>
  <controlfield tag="005">20100809133213.0</controlfield>
  <controlfield tag="008">991202m19639999sy            000 0 ara d</controlfield>
  <datafield tag="024" ind1="7" ind2=" ">
    <subfield code="a">princeton_aco002457</subfield>
    <subfield code="2">local</subfield>
  </datafield>
  <datafield ind1=" " ind2=" " tag="035">
    <subfield code="a">(OCoLC)ocm42917974</subfield>
  </datafield>
  <datafield ind1=" " ind2=" " tag="035">
    <subfield code="9">CEW7820TS</subfield>
  </datafield>
  <datafield ind1=" " ind2=" " tag="040">
    <subfield code="a">PUL</subfield>
    <subfield code="c">PUL</subfield>
  </datafield>
  <datafield ind1="1" ind2=" " tag="100">
    <subfield code="a">Qūwatlī, ʻAdnān Tawfīq,</subfield>
    <subfield code="d">1918-</subfield>
  </datafield>
  <datafield ind1="0" ind2="3" tag="245">
    <subfield code="a">al-Wajīz fī al-ḥuqūq al-madanīyah</subfield>
    <subfield code="c">[muḥādarāt ulqiyat ʻalā ṭullāb al-sanah al-ūlā min Kullīyat al-Ḥuqūq bi-Dimashq]</subfield>
  </datafield>
  <datafield ind1="0" ind2="4" tag="246">
    <subfield code="a">Précis de droit civil</subfield>
  </datafield>
  <datafield ind1=" " ind2=" " tag="250">
    <subfield code="a">al-Ṭabʻah 7.</subfield>
  </datafield>
  <datafield ind1=" " ind2=" " tag="260">
    <subfield code="a">Damascus,</subfield>
    <subfield code="b">Dār al-Fikr,</subfield>
    <subfield code="c">1963-</subfield>
  </datafield>
  <datafield ind1=" " ind2=" " tag="300">
    <subfield code="a">pts.</subfield>
    <subfield code="c">25 cm.</subfield>
  </datafield>
  <datafield ind1=" " ind2=" " tag="546">
    <subfield code="a">In Arabic.</subfield>
  </datafield>
  <datafield ind1=" " ind2=" " tag="947">
    <subfield code="a">CEW7820</subfield>
  </datafield>
  <datafield ind1=" " ind2=" " tag="911">
    <subfield code="a">20000220</subfield>
  </datafield>
  <datafield ind1="0" ind2="1" tag="852">
    <subfield code="0">1796869</subfield>
    <subfield code="b">nec</subfield>
    <subfield code="t">0</subfield>
    <subfield code="h">KMU49</subfield>
    <subfield code="i">.Q838 1963</subfield>
  </datafield>
  <datafield ind1=" " ind2="0" tag="866">
    <subfield code="0">1796869</subfield>
    <subfield code="8">0</subfield>
    <subfield code="a">v.1, pt.1-2</subfield>
  </datafield>
  <datafield ind1=" " ind2=" " tag="959">
    <subfield code="a">2000-06-13 00:00:00 -0500</subfield>
  </datafield>
</record>
